@article{deeplearningnature,
    title={Deep Learning},
    author={LeCun, Yann and Bengio, Yoshua and Hinton, Geoffrey},
    journal={Nature},
    volume={521},
    number={7553},
    pages={436--444},
    year={2015},
    publisher={Nature Publishing Group}
}

@book{deeplearningbook,
    title={Deep Learning},
    author={Ian Goodfellow and Yoshua Bengio and Aaron Courville},
    publisher={MIT Press},
    note={\url{http://www.deeplearningbook.org}},
    year={2016}
}

@article{Hornik1989MultilayerFN,
    title={Multilayer feedforward networks are universal approximators},
    author={Kurt Hornik and Maxwell B. Stinchcombe and Halbert L. White},
    journal={Neural Networks},
    year={1989},
    volume={2},
    pages={359-366}
}

@article{samuel59,
    author = {Samuel, Arthur L.},
    title = {Some Studies in Machine Learning Using the Game of Checkers}, 
    journal = {IBM Journal of Research and Development}, 
    year = {1959},
    volume = {3},
    number = {3},
    pages = {210-226},
}


@article{rosenblatt57,
    author = {Rosenblatt, Frank},
    title = {The perceptron - A perceiving and recognizing automaton},
    journal = {Cornell Aeronautical Laboratory},
    year = {1957},
    volume = {},
    number = {85-460-1},
}

@article{pitts43,
    author = {McCulloch, W.S. and Pitts, W.},
    title = {A logical calculus of the ideas immanent in nervous activity},
    journal = {Bulletin of Mathematical Biophysics},
    year = {1943},
    volume = {5},
    number = {4},
    pages = {115-133},
}

@book{perceptronsbook,
    author = {Minsky, Marvin and Papert, Seymour A.},
    title = {Perceptrons: An Introduction to Computational Geometry},
    publisher = {MIT Press},
    year = 1969,
    address = {Cambridge, MA, USA},
}

@article{backprop86,
    author = {Rumelhart, D. and Hinton, G. and Williams, R.},
    title = {Learning representations by back-propagating errors},
    journal = {Nature},
    year = {1986},
    volume = {323},
    pages = {533-536},
}

@misc{kingma2017adam,
      title={Adam: A Method for Stochastic Optimization}, 
      author={Diederik P. Kingma and Jimmy Ba},
      year={2017},
      eprint={1412.6980},
      archivePrefix={arXiv},
      primaryClass={cs.LG}
}

@book{numericaloptimization,
    author = {Nocedal, Jorge and Wright, Stephen J.},
    title = {Numerical Optimization},
    publisher = {Springer},
    year = 2006,
}

@book{imageprocessing,
    author = {Gonzalez, Rafael C. and Woods, Richard E.},
    title = {Digital Image Processing},
    publisher = {Pearson Prentice Hall},
    year = 2008,
}

@article{seqtoseq,
  author    = {Ilya Sutskever and
               Oriol Vinyals and
               Quoc V. Le},
  title     = {Sequence to Sequence Learning with Neural Networks},
  journal   = {CoRR},
  volume    = {abs/1409.3215},
  year      = {2014},
  url       = {http://arxiv.org/abs/1409.3215},
  eprinttype = {arXiv},
  eprint    = {1409.3215},
  timestamp = {Mon, 13 Aug 2018 16:48:06 +0200},
  biburl    = {https://dblp.org/rec/journals/corr/SutskeverVL14.bib},
  bibsource = {dblp computer science bibliography, https://dblp.org}
}

@article{attention,
  author    = {Ashish Vaswani and
               Noam Shazeer and
               Niki Parmar and
               Jakob Uszkoreit and
               Llion Jones and
               Aidan N. Gomez and
               Lukasz Kaiser and
               Illia Polosukhin},
  title     = {Attention Is All You Need},
  journal   = {CoRR},
  volume    = {abs/1706.03762},
  year      = {2017},
  url       = {http://arxiv.org/abs/1706.03762},
  eprinttype = {arXiv},
  eprint    = {1706.03762},
  timestamp = {Sat, 23 Jan 2021 01:20:40 +0100},
  biburl    = {https://dblp.org/rec/journals/corr/VaswaniSPUJGKP17.bib},
  bibsource = {dblp computer science bibliography, https://dblp.org}
}


@article{gpt3,
  author    = {Tom B. Brown and
               Benjamin Mann and
               Nick Ryder and
               Melanie Subbiah and
               Jared Kaplan and
               Prafulla Dhariwal and
               Arvind Neelakantan and
               Pranav Shyam and
               Girish Sastry and
               Amanda Askell and
               Sandhini Agarwal and
               Ariel Herbert{-}Voss and
               Gretchen Krueger and
               Tom Henighan and
               Rewon Child and
               Aditya Ramesh and
               Daniel M. Ziegler and
               Jeffrey Wu and
               Clemens Winter and
               Christopher Hesse and
               Mark Chen and
               Eric Sigler and
               Mateusz Litwin and
               Scott Gray and
               Benjamin Chess and
               Jack Clark and
               Christopher Berner and
               Sam McCandlish and
               Alec Radford and
               Ilya Sutskever and
               Dario Amodei},
  title     = {Language Models are Few-Shot Learners},
  journal   = {CoRR},
  volume    = {abs/2005.14165},
  year      = {2020},
  url       = {https://arxiv.org/abs/2005.14165},
  eprinttype = {arXiv},
  eprint    = {2005.14165},
  timestamp = {Wed, 03 Jun 2020 11:36:54 +0200},
  biburl    = {https://dblp.org/rec/journals/corr/abs-2005-14165.bib},
  bibsource = {dblp computer science bibliography, https://dblp.org}
}

@article{stablediffusion,
  author    = {Robin Rombach and
               Andreas Blattmann and
               Dominik Lorenz and
               Patrick Esser and
               Bj{\"{o}}rn Ommer},
  title     = {High-Resolution Image Synthesis with Latent Diffusion Models},
  journal   = {CoRR},
  volume    = {abs/2112.10752},
  year      = {2021},
  url       = {https://arxiv.org/abs/2112.10752},
  eprinttype = {arXiv},
  eprint    = {2112.10752},
  timestamp = {Tue, 04 Jan 2022 15:59:27 +0100},
  biburl    = {https://dblp.org/rec/journals/corr/abs-2112-10752.bib},
  bibsource = {dblp computer science bibliography, https://dblp.org}
}

@INPROCEEDINGS{resnet,
    author={He, Kaiming and Zhang, Xiangyu and Ren, Shaoqing and Sun, Jian},
    booktitle={2016 IEEE Conference on Computer Vision and Pattern Recognition (CVPR)}, 
    title={Deep Residual Learning for Image Recognition}, 
    year={2016},
    volume={},
    number={},
    pages={770-778},
    doi={10.1109/CVPR.2016.90}
}

@ARTICLE{vanishinggradients,
    author={Bengio, Y. and Simard, P. and Frasconi, P.},
    journal={IEEE Transactions on Neural Networks}, 
    title={Learning long-term dependencies with gradient descent is difficult}, 
    year={1994},
    volume={5},
    number={2},
    pages={157-166},
    doi={10.1109/72.279181}
}

@book{mitchellmachinelearning,
    author = {Mitchell, T.},
    title = {Machine Learning},
    publisher = {McGraw-Hil},
    year = 1997,
}

@ARTICLE{rladaptivecontrol,
  author={Sutton, R.S. and Barto, A.G. and Williams, R.J.},
  journal={IEEE Control Systems Magazine}, 
  title={Reinforcement learning is direct adaptive optimal control}, 
  year={1992},
  volume={12},
  number={2},
  pages={19-22},
  doi={10.1109/37.126844}}

@article{tdgammon,
    author = {Tesauro, Gerald},
    title = {Temporal Difference Learning and TD-Gammon},
    year = {1995},
    issue_date = {March 1995},
    publisher = {Association for Computing Machinery},
    address = {New York, NY, USA},
    volume = {38},
    number = {3},
    issn = {0001-0782},
    url = {https://doi.org/10.1145/203330.203343},
    doi = {10.1145/203330.203343},
    journal = {Commun. ACM},
    month = {mar},
    pages = {58â€“68},
    numpages = {11}
}

@book{advancedengineeringmath,
    author = {Kreyszig, Erwin},
    title = {Advanced Engineering Mathematics},
    publisher = {Wiley},
    year = 2011,
}

@book{pdebook,
    author = {Evans, Lawrence C.},
    title = {Partial Differential Equations},
    publisher = {American Mathematical Society},
    year = 2010,
}

@book{pdebookcourse,
    author = {Borthwick, David},
    title = {Introduction to Partial Differential Equations},
    publisher = {Springer},
    year = 2016,
}

@book{pdebookcourse2,
    author = {Olver, Peter J.},
    title = {Introduction to Partial Differential Equations},
    publisher = {Springer},
    year = 2014,
}

@book{odebook,
    author = {Schaeffer, David G. and Cain, John W.},
    title = {Ordinary Differential Equations: Basics and Beyond},
    publisher = {Springer},
    year = 2016,
}

@book{kreyszigfunctional,
    title={Introductory Functional Analysis with Applications},
    author={Kreyszig, E.},
    year={1978}
}

@book{nonlinearsystems,
    author = {Khalil, Hassan K.},
    title = {Nonlinear Systems},
    publisher = {Pearson},
    year = 2014,
}

@article{muzero,
  author    = {Julian Schrittwieser and
               Ioannis Antonoglou and
               Thomas Hubert and
               Karen Simonyan and
               Laurent Sifre and
               Simon Schmitt and
               Arthur Guez and
               Edward Lockhart and
               Demis Hassabis and
               Thore Graepel and
               Timothy P. Lillicrap and
               David Silver},
  title     = {Mastering Atari, Go, Chess and Shogi by Planning with a Learned Model},
  journal   = {CoRR},
  volume    = {abs/1911.08265},
  year      = {2019},
  url       = {http://arxiv.org/abs/1911.08265},
  eprinttype = {arXiv},
  eprint    = {1911.08265},
  timestamp = {Mon, 02 Dec 2019 17:48:37 +0100},
  biburl    = {https://dblp.org/rec/journals/corr/abs-1911-08265.bib},
  bibsource = {dblp computer science bibliography, https://dblp.org}
}







@inproceedings{node,
     author = {Chen, Ricky T. Q. and Rubanova, Yulia and Bettencourt, Jesse and Duvenaud, David K},
     booktitle = {Advances in Neural Information Processing Systems},
     editor = {S. Bengio and H. Wallach and H. Larochelle and K. Grauman and N. Cesa-Bianchi and R. Garnett},
     pages = {},
     publisher = {Curran Associates, Inc.},
     title = {Neural Ordinary Differential Equations},
     url = {https://proceedings.neurips.cc/paper/2018/file/69386f6bb1dfed68692a24c8686939b9-Paper.pdf},
     volume = {31},
     year = {2018}
}


@misc{dupont2019augmented,
      title={Augmented Neural ODEs}, 
      author={Emilien Dupont and Arnaud Doucet and Yee Whye Teh},
      year={2019},
      eprint={1904.01681},
      archivePrefix={arXiv},
      primaryClass={stat.ML}
}

@misc{massaroli2021dissecting,
      title={Dissecting Neural ODEs}, 
      author={Stefano Massaroli and Michael Poli and Jinkyoo Park and Atsushi Yamashita and Hajime Asama},
      year={2021},
      eprint={2002.08071},
      archivePrefix={arXiv},
      primaryClass={cs.LG}
}

@inproceedings{hamiltoniannode,
    author = {Greydanus, Samuel and Dzamba, Misko and Yosinski, Jason},
    booktitle = {Advances in Neural Information Processing Systems},
    pages = {},
    publisher = {Curran Associates, Inc.},
    title = {Hamiltonian Neural Networks},
    url = {https://proceedings.neurips.cc/paper/2019/file/26cd8ecadce0d4efd6cc8a8725cbd1f8-Paper.pdf},
    volume = {32},
    year = {2019}
}

@misc{lagrangiannode,
    doi = {10.48550/ARXIV.2003.04630},
    url = {https://arxiv.org/abs/2003.04630},
    author = {Cranmer, Miles and Greydanus, Sam and Hoyer, Stephan and Battaglia, Peter and Spergel, David and Ho, Shirley},
    title = {Lagrangian Neural Networks},
    publisher = {arXiv},
    year = {2020},
}

@misc{sonode,
  doi = {10.48550/ARXIV.2006.07220},
  url = {https://arxiv.org/abs/2006.07220},
  author = {Norcliffe, Alexander and Bodnar, Cristian and Day, Ben and Simidjievski, Nikola and LiÃ², Pietro},
  title = {On Second Order Behaviour in Augmented Neural ODEs},
  publisher = {arXiv},
  year = {2020},
}





@inproceedings{pytorch,
     author = {Paszke, Adam and Gross, Sam and Massa, Francisco and Lerer, Adam and Bradbury, James and Chanan, Gregory and Killeen, Trevor and Lin, Zeming and Gimelshein, Natalia and Antiga, Luca and Desmaison, Alban and Kopf, Andreas and Yang, Edward and DeVito, Zachary and Raison, Martin and Tejani, Alykhan and Chilamkurthy, Sasank and Steiner, Benoit and Fang, Lu and Bai, Junjie and Chintala, Soumith},
     booktitle = {Advances in Neural Information Processing Systems},
     editor = {H. Wallach and H. Larochelle and A. Beygelzimer and F. d\textquotesingle Alch\'{e}-Buc and E. Fox and R. Garnett},
     pages = {},
     publisher = {Curran Associates, Inc.},
     title = {PyTorch: An Imperative Style, High-Performance Deep Learning Library},
     url = {https://proceedings.neurips.cc/paper/2019/file/bdbca288fee7f92f2bfa9f7012727740-Paper.pdf},
     volume = {32},
     year = {2019}
}

@Misc{functorch,
  author =       {Horace He, Richard Zou},
  title =        {functorch: JAX-like composable function transforms for PyTorch},
  howpublished = {\url{https://github.com/pytorch/functorch}},
  year =         {2021}
}

@misc{torchdiffeq,
	author={Chen, Ricky T. Q.},
	title={torchdiffeq},
	year={2018},
	url={https://github.com/rtqichen/torchdiffeq},
}

@article{dopri,
    author = {Dormand, J. R. and Prince, P. J.},
    title = {A family of embedded Runge-Kutta formulae},
    journal = {Journal of Computational and Applied Mathematics},
    year = {1980},
    volume = {6},
    number = {1},
    pages = {19-26},
}








@article{pinn,
    title={Physics-informed neural networks: A deep learning framework for solving forward and inverse problems involving nonlinear partial differential equations},
    author={Raissi, Maziar and Perdikaris, Paris and Karniadakis, George E},
    journal={Journal of Computational Physics},
    volume={378},
    pages={686--707},
    year={2019},
    publisher={Elsevier}
}

@article{pinn1,
    url={https://arxiv.org/abs/1711.10561},
    title={Physics Informed Deep Learning (Part I): Data-driven Solutions of Nonlinear Partial Differential Equations},
    author={Raissi, Maziar and Perdikaris, Paris and Karniadakis, George Em},
    journal={arXiv preprint arXiv:1711.10561},
    year={2017}
}

@article{pinn2,
    url={https://arxiv.org/abs/1711.10566},
    title={Physics Informed Deep Learning (Part II): Data-driven Discovery of Nonlinear Partial Differential Equations},
    author={Raissi, Maziar and Perdikaris, Paris and Karniadakis, George Em},
    journal={arXiv preprint arXiv:1711.10566},
    year={2017}
}

@article{oldnewpinn,
    url={https://arxiv.org/abs/2103.09655},
    title={The Old and the New: Can Physics-Informed Deep-Learning Replace Traditional Linear Solvers?},
    author={Markidis, Stefano},
    publisher={arXiv},
    year={2021}
}

@article{hfm,
    url={https://arxiv.org/abs/1808.04327},
    title={Hidden Fluid Mechanics: A Navier-Stokes Informed Deep Learning Framework for Assimilating Flow Visualization Data},
    author={Raissi, Maziar and Yazdani, Alireza and Karniadakis, George Em},
    publisher={arXiv},
    year={2018}
}

@inproceedings{pinnfailuremodes,
     author = {Krishnapriyan, Aditi and Gholami, Amir and Zhe, Shandian and Kirby, Robert and Mahoney, Michael W},
     booktitle = {Advances in Neural Information Processing Systems},
     editor = {M. Ranzato and A. Beygelzimer and Y. Dauphin and P.S. Liang and J. Wortman Vaughan},
     pages = {26548--26560},
     publisher = {Curran Associates, Inc.},
     title = {Characterizing possible failure modes in physics-informed neural networks},
     url = {https://proceedings.neurips.cc/paper/2021/file/df438e5206f31600e6ae4af72f2725f1-Paper.pdf},
     volume = {34},
     year = {2021}
}

@misc{pinngeneralizationapproximation,
  doi = {10.48550/ARXIV.2007.01138},
  url = {https://arxiv.org/abs/2007.01138},
  author = {Mishra, Siddhartha and Molinaro, Roberto},
  keywords = {Numerical Analysis (math.NA), Machine Learning (cs.LG), Mathematical Physics (math-ph), Analysis of PDEs (math.AP), FOS: Mathematics, FOS: Mathematics, FOS: Computer and information sciences, FOS: Computer and information sciences, FOS: Physical sciences, FOS: Physical sciences},
  title = {Estimates on the generalization error of Physics Informed Neural Networks (PINNs) for approximating a class of inverse problems for PDEs},
  publisher = {arXiv},
  year = {2020},
  copyright = {arXiv.org perpetual, non-exclusive license}
}

@article{pinnconvergence,
	doi = {10.4208/cicp.oa-2020-0193},
	year = 2020,
	month = {jun},
	publisher = {Global Science Press},
	volume = {28},
	number = {5},
	pages = {2042--2074},
	author = {Yeonjong Shin},
	title = {On the Convergence of Physics Informed Neural Networks for Linear Second-Order Elliptic and Parabolic Type PDEs},
	journal = {Communications in Computational Physics}
}

@misc{pinnsurvey2,
  doi = {10.48550/ARXIV.2211.08064},
  url = {https://arxiv.org/abs/2211.08064},
  author = {Hao, Zhongkai and Liu, Songming and Zhang, Yichi and Ying, Chengyang and Feng, Yao and Su, Hang and Zhu, Jun},
  keywords = {Machine Learning (cs.LG), Artificial Intelligence (cs.AI), Computer Vision and Pattern Recognition (cs.CV), Numerical Analysis (math.NA), FOS: Computer and information sciences, FOS: Computer and information sciences, FOS: Mathematics, FOS: Mathematics},
  title = {Physics-Informed Machine Learning: A Survey on Problems, Methods and Applications},
  publisher = {arXiv},
  year = {2022},
  copyright = {arXiv.org perpetual, non-exclusive license}
}

@article{pinnsurvey1,
	doi = {https://doi.org/10.1038/s42254-021-00314-5},
	year = 2021,
	author = {Karniadakis, George Em and Kevrekidis, Ioannis G. and Lu, Lu and Perdikaris, Paris and Wang, Sifan and Yang, Liu},
	title = {Physics-informed machine learning},
	journal = {Nature}
}

@article{pinnoptimalcontrol,
    title = {Optimal control of PDEs using physics-informed neural networks},
    journal = {Journal of Computational Physics},
    volume = {473},
    pages = {111731},
    year = {2023},
    issn = {0021-9991},
    doi = {https://doi.org/10.1016/j.jcp.2022.111731},
    url = {https://www.sciencedirect.com/science/article/pii/S002199912200794X},
    author = {Saviz Mowlavi and Saleh Nabi},
    keywords = {Optimal control, Physics-informed neural networks, Adjoint-based optimization, PDE-constrained optimization},
}

@misc{pinncontroldynamical,
  doi = {10.48550/ARXIV.2104.02556},
  url = {https://arxiv.org/abs/2104.02556},
  author = {Antonelo, Eric Aislan and Camponogara, Eduardo and Seman, Laio Oriel and de Souza, Eduardo Rehbein and Jordanou, Jean P. and Hubner, Jomi F.},
  keywords = {Machine Learning (cs.LG), FOS: Computer and information sciences, FOS: Computer and information sciences},
  title = {Physics-Informed Neural Nets for Control of Dynamical Systems},
  publisher = {arXiv},
  year = {2021},
  copyright = {arXiv.org perpetual, non-exclusive license}
}

@misc{separablepinn,
  doi = {10.48550/ARXIV.2211.08761},
  url = {https://arxiv.org/abs/2211.08761},
  author = {Cho, Junwoo and Nam, Seungtae and Yang, Hyunmo and Yun, Seok-Bae and Hong, Youngjoon and Park, Eunbyung},
  keywords = {Machine Learning (cs.LG), FOS: Computer and information sciences, FOS: Computer and information sciences},
  title = {Separable PINN: Mitigating the Curse of Dimensionality in Physics-Informed Neural Networks},
  publisher = {arXiv},
  year = {2022},
  copyright = {arXiv.org perpetual, non-exclusive license}
}

@misc{sparsepinndiscovery,
  doi = {10.48550/ARXIV.2212.04630},
  url = {https://arxiv.org/abs/2212.04630},
  author = {Podina, Lena and Eastman, Brydon and Kohandel, Mohammad},
  keywords = {Machine Learning (cs.LG), FOS: Computer and information sciences, FOS: Computer and information sciences},
  title = {A PINN Approach to Symbolic Differential Operator Discovery with Sparse Data},
  publisher = {arXiv},
  year = {2022},
  copyright = {Creative Commons Attribution 4.0 International}
}

@misc{symbolicpinns,
  doi = {10.48550/ARXIV.2207.06240},
  url = {https://arxiv.org/abs/2207.06240},
  author = {Majumdar, Ritam and Jadhav, Vishal and Deodhar, Anirudh and Karande, Shirish and Vig, Lovekesh and Runkana, Venkataramana},
  keywords = {Machine Learning (cs.LG), Artificial Intelligence (cs.AI), Numerical Analysis (math.NA), FOS: Computer and information sciences, FOS: Computer and information sciences, FOS: Mathematics, FOS: Mathematics},
  title = {Physics Informed Symbolic Networks},
  publisher = {arXiv},
  year = {2022},
  copyright = {Creative Commons Attribution Non Commercial Share Alike 4.0 International}
}

@article{pinnfailtangentkernel,
    title = {When and why PINNs fail to train: A neural tangent kernel perspective},
    journal = {Journal of Computational Physics},
    volume = {449},
    pages = {110768},
    year = {2022},
    issn = {0021-9991},
    doi = {https://doi.org/10.1016/j.jcp.2021.110768},
    url = {https://www.sciencedirect.com/science/article/pii/S002199912100663X},
    author = {Sifan Wang and Xinling Yu and Paris Perdikaris},
    keywords = {Physics-informed neural networks, Spectral bias, Multi-task learning, Gradient descent, Scientific machine learning},
}

@misc{pinngradientpathology,
  doi = {10.48550/ARXIV.2001.04536},
  url = {https://arxiv.org/abs/2001.04536},
  author = {Wang, Sifan and Teng, Yujun and Perdikaris, Paris},
  keywords = {Machine Learning (cs.LG), Numerical Analysis (math.NA), Machine Learning (stat.ML), FOS: Computer and information sciences, FOS: Computer and information sciences, FOS: Mathematics, FOS: Mathematics},
  title = {Understanding and mitigating gradient pathologies in physics-informed neural networks},
  publisher = {arXiv},
  year = {2020},
  copyright = {arXiv.org perpetual, non-exclusive license}
}

@misc{pinncausality,
  doi = {10.48550/ARXIV.2203.07404},
  url = {https://arxiv.org/abs/2203.07404},
  author = {Wang, Sifan and Sankaran, Shyam and Perdikaris, Paris},
  keywords = {Machine Learning (cs.LG), Numerical Analysis (math.NA), Chaotic Dynamics (nlin.CD), Fluid Dynamics (physics.flu-dyn), Machine Learning (stat.ML), FOS: Computer and information sciences, FOS: Computer and information sciences, FOS: Mathematics, FOS: Mathematics, FOS: Physical sciences, FOS: Physical sciences},
  title = {Respecting causality is all you need for training physics-informed neural networks},
  publisher = {arXiv},
  year = {2022},
  copyright = {Creative Commons Attribution Non Commercial Share Alike 4.0 International}
}

@article{timemarching,
    title = {A novel sequential method to train physics informed neural networks for Allen Cahn and Cahn Hilliard equations},
    journal = {Computer Methods in Applied Mechanics and Engineering},
    volume = {390},
    pages = {114474},
    year = {2022},
    issn = {0045-7825},
    doi = {https://doi.org/10.1016/j.cma.2021.114474},
    url = {https://www.sciencedirect.com/science/article/pii/S0045782521006939},
    author = {Revanth Mattey and Susanta Ghosh},
    keywords = {Physics informed neural networks, Partial differential equation (PDEs), Allen Cahn equation, Cahn Hilliard equation},
}

@article{fourierembedding,
	doi = {10.1016/j.jcp.2021.110242},
	url = {https://doi.org/10.1016%2Fj.jcp.2021.110242},
	year = 2021,
	month = {jun},
	publisher = {Elsevier {BV}},
	volume = {435},
	pages = {110242},
	author = {Suchuan Dong and Naxian Ni},
	title = {A method for representing periodic functions and enforcing exactly periodic boundary conditions with deep neural networks},
	journal = {Journal of Computational Physics}
}

@misc{og_pinn_github,
  url = {https://github.com/maziarraissi/PINNs},
  title = {Physics Informed Neural Networks},
}

@misc{pinncausalitygithub,
  url = {https://github.com/PredictiveIntelligenceLab/CausalPINNs},
  title = {Respecting causality is all you need for training physics-informed neural networks},
}

@book{pontryagin62,
    title={The mathematical theory of optimal processes},
    author={Pontryagin, L. S. and Mishchenko, E. F. and Boltyanskii, V. G. and Gamkrelidze, R. V.},
    year={1962}
}